@STRING{icra = {{Proc. {IEEE} Int. Conf. Robotics and Automation (ICRA)}}}
@STRING{iros = {Proc. IEEE/RSJ Int. Conf. on Intelligent Robots and Systems (IROS)}}
@STRING{case = {Proc. {IEEE} Conf. on Automation Science and Engineering (CASE)}}
@STRING{iccv = {Proc. {IEEE} Int. Conf. on Computer Vision (ICCV)}}
@STRING{cvpr = {Proc. {IEEE} Conf. on Computer Vision  and Pattern Recognition (CVPR)}}
@STRING{robio = {Proc. {IEEE} Int. Conf. on Robotics and Biomimetics (ROBIO)}}
@STRING{simpar = {{Proc. {IEEE} Int. Conf. on Simulation, Modeling, and Programming of Autonomous Robots (SIMPAR)}}}
@STRING{nips = {Proc. Advances in Neural Information Processing Systems}}
@STRING{icml = {Proc. Int. Conf. on Machine Learning}}
@STRING{wafr = {Workshop on the Algorithmic Foundation of Robotics (WAFR)}}
@STRING{isrr = {Int. S. Robotics Research (ISRR)}}
@STRING{ijrr = {Int. Journal of Robotics Research (IJRR)}}
@STRING{rss = {Proc. Robotics: Science and Systems (RSS)}}
@STRING{tra = {IEEE Trans. Robotics and Automation}}
@STRING{tro = {IEEE Trans. Robotics}}
@STRING{ram = {IEEE Robotics \& Automation Magazine}}
@STRING{ral = {IEEE Robotics \& Automation Letters}}
@STRING{jmlr = {Journal of Machine Learning Research}}
@STRING{corl = {Conf. on Robot Learning (CoRL)}}

@INPROCEEDINGS{CASE_Orienting,  author={S. {Devgon} and J. {Ichnowski} and A. {Balakrishna} and H. {Zhang} and K. {Goldberg}},  booktitle={2020 IEEE 16th International Conference on Automation Science and Engineering (CASE)},   title={Orienting Novel {3D} Objects Using Self-Supervised Learning of Rotation Transforms},   year={2020},  volume={},  number={},  pages={1453-1460},  doi={10.1109/CASE48305.2020.9217018}}

@article{mahler2017suction,
  title={{Dex-Net} 3.0: Computing Robust Robot Suction Grasp Targets in Point Clouds using a New Analytic Model and Deep Learning},
  author={Mahler, Jeffrey and Matl, Matthew and Liu, Xinyu and Li, Albert and Gealy, David and Goldberg, Ken},
  journal={arXiv preprint arXiv:1709.06670},
  year={2017}
}
@article{Zakka2020Form2FitLS,
  title={{Form2Fit}: Learning Shape Priors for Generalizable Assembly from Disassembly},
  author={Kevin Zakka and A. Zeng and J. Lee and Shuran Song},
  journal={2020 IEEE International Conference on Robotics and Automation (ICRA)},
  year={2020},
  pages={9404-9410}
}

@article{Wen2020se3TrackNetD6,
  title={{SE(3)-TrackNet}: Data-driven {6D} Pose Tracking by Calibrating Image Residuals in Synthetic Domains},
  author={Bowen Wen and Chaitanya Mitash and Baozhang Ren and Kostas E. Bekris},
  journal={2020 IEEE/RSJ International Conference on Intelligent Robots and Systems (IROS)},
  year={2020},
  pages={10367-10373}
}
@article{GoldbergEccentricity2000,
  doi = {10.1007/s004539910022},
  url = {https://doi.org/10.1007/s004539910022},
  year = {2000},
  month = mar,
  publisher = {Springer Science and Business Media {LLC}},
  volume = {26},
  number = {3-4},
  pages = {494--514},
  author = {K. Goldberg and M.H. Overmars and A. F. van der Stappen},
  title = {Geometric Eccentricity and the Complexity of Manipulation Plans},
  journal = {Algorithmica}
}

@article{exploratorygrasping,
      title={Exploratory Grasping: Asymptotically Optimal Algorithms for Grasping Challenging Polyhedral Objects}, 
      author={Michael Danielczuk and Ashwin Balakrishna and Daniel S. Brown and Shivin Devgon and Ken Goldberg},
      year={2020},
    journal={Conference on Robot Learning (CoRL)},
}
@inproceedings{correa2019robust,
  title={Robust Toppling for Vacuum Suction Grasping},
  author={Correa, Christopher and Mahler, Jeffrey and Danielczuk, Michael and Goldberg, Ken},
  booktitle={Proc. {IEEE} Conf. on Automation Science and Engineering (CASE)},
  year={2019}
}

@article{TSLP,
    title={Accelerating Grasp Exploration by Leveraging Learned Priors},
    author={Li, Han Yu and Danielczuk, Michael and Balakrishna, Ashwin and Satish, Vishal and Goldberg, Ken},
    booktitle={Conference on Automation Science and Engineering (CASE)},
    year={2020},
    organization={IEEE}
}

@article{zeng2020transporter,
    title={Transporter Networks: Rearranging the Visual World for Robotic Manipulation},
    author={Zeng, Andy and Florence, Pete and Tompson, Jonathan and Welker, Stefan and Chien, Jonathan and Attarian, Maria and Armstrong, Travis and Krasin, Ivan and Duong, Dan and Sindhwani, Vikas and Lee, Johnny},
    journal={Conference on Robot Learning (CoRL)},
    year={2020}
}

@article{Huang2020Generative3P,
  title={Generative {3D} Part Assembly via Dynamic Graph Learning},
  author={J. Huang and Guanqi Zhan and Qingnan Fan and Kaichun Mo and Lin Shao and B. Chen and L. Guibas and Hao Dong},
  journal={ArXiv},
  year={2020},
  volume={abs/2006.07793}
}

@article{Zachares2021InterpretingCI,
  title={Interpreting Contact Interactions to Overcome Failure in Robot Assembly Tasks},
  author={Peter A. Zachares and M. Lee and Wenzhao Lian and Jeannette Bohg},
  journal={ArXiv},
  year={2021},
  volume={abs/2101.02725}
}

@article{Litvak2019LearningPE,
  title={Learning Pose Estimation for High-Precision Robotic Assembly Using Simulated Depth Images},
  author={Yuval Litvak and A. Biess and Aharon Bar-Hillel},
  journal={2019 International Conference on Robotics and Automation (ICRA)},
  year={2019},
  pages={3521-3527}
}

@incollection{latent-3d-keypoints,
    title = {Discovery of Latent {3D} Keypoints via End-to-end Geometric Reasoning},
    author = {Suwajanakorn, Supasorn and Snavely, Noah and Tompson, Jonathan J and Norouzi, Mohammad},
    booktitle=nips,
    editor = {S. Bengio and H. Wallach and H. Larochelle and K. Grauman and N. Cesa-Bianchi and R. Garnett},
    pages = {2059--2070},
    year = {2018},
    publisher = {Curran Associates, Inc.},
}

@inproceedings{delta-pose-est,
    title = {Relative camera pose estimation using convolutional neural networks},
    author = {Iaroslav Melekhov and Juha Ylioinas and Juho Kannala and Esa Rahtu},
    year = {2017},
    publisher = {Springer Verlag},
    pages = {675--687},
    booktitle = "Advanced Concepts for Intelligent Vision Systems - 18th International Conference, ACIVS 2017, Proceedings",
}


@inproceedings{johns2016deep,
  title={Deep learning a grasp function for grasping under gripper pose uncertainty},
  author={Johns, Edward and Leutenegger, Stefan and Davison, Andrew J},
  booktitle=iros,
  pages={4461--4468},
  year={2016},
  organization={IEEE}
}

@inproceedings{mahler2016dex,
  title={{Dex-Net} 1.0: A cloud-based network of {3D} objects for robust grasp planning using a multi-armed bandit model with correlated rewards},
  author={Mahler, Jeffrey and Pokorny, Florian T and Hou, Brian and Roderick, Melrose and Laskey, Michael and Aubry, Mathieu and Kohlhoff, Kai and Kr{\"o}ger, Torsten and Kuffner, James and Goldberg, Ken},
  booktitle={2016 IEEE International Conference on Robotics and Automation (ICRA)},
  pages={1957--1964},
  year={2016},
  organization={IEEE}
}

@article{mahler2017dex,
  title={{Dex-Net} 2.0: Deep learning to plan robust grasps with synthetic point clouds and analytic grasp metrics},
  author={Mahler, Jeffrey and Liang, Jacky and Niyaz, Sherdil and Laskey, Michael and Doan, Richard and Liu, Xinyu and Ojea, Juan Aparicio and Goldberg, Ken},
  journal={arXiv preprint arXiv:1703.09312},
  year={2017}
}

@article{mahler2017dex3,
  title={{Dex-Net} 3.0: Computing Robust Robot Vacuum Suction Grasp Targets in Point Clouds using a New Analytic Model and Deep Learning},
  author={Mahler, Jeffrey and Matl, Matthew and Liu, Xinyu and Li, Albert and Gealy, David and Goldberg, Ken},
  journal={arXiv preprint arXiv:1709.06670},
  year={2017}
}

@inproceedings{wang2019adversarial,
  title={Adversarial Grasp Objects},
  author={Wang, David and Tseng, David and Li, Pusong and Jiang, Yiding and Guo, Menglong and Danielczuk, Michael and Mahler, Jeffrey and Ichnowski, Jeffrey and Goldberg, Ken},
  booktitle={2019 IEEE 15th International Conference on Automation Science and Engineering (CASE)},
  pages={241--248},
  year={2019},
  organization={IEEE}
}

@incollection{prattichizzo2016grasping,
  title={Grasping},
  author={Prattichizzo, Domenico and Trinkle, Jeffrey C},
  booktitle={Springer handbook of robotics},
  pages={955--988},
  year={2016},
  publisher={Springer}
}

@book{murray2017mathematical,
  title={A mathematical introduction to robotic manipulation},
  author={Murray, Richard M},
  year={2017},
  publisher={CRC press}
}

@inproceedings{pinto2016supersizing,
  title={Supersizing self-supervision: Learning to grasp from 50k tries and 700 robot hours},
  author={Pinto, Lerrel and Gupta, Abhinav},
  booktitle=icra,
  pages={3406--3413},
  year={2016},
  organization={IEEE}
}

@ARTICLE{DengPoseRBPF,  author={X. {Deng} and A. {Mousavian} and Y. {Xiang} and F. {Xia} and T. {Bretl} and D. {Fox}},  journal={IEEE Transactions on Robotics},   title={{PoseRBPF}: A {Raoâ€“Blackwellized} Particle Filter for {6-D} Object Pose Tracking},   year={2021},  volume={},  number={},  pages={1-15},  doi={10.1109/TRO.2021.3056043}}

@inproceedings{kalashnikov2018qt,
  title={{QT-Opt}: Scalable deep reinforcement learning for vision-based robotic manipulation},
  author={Kalashnikov, Dmitry and Irpan, Alex and Pastor, Peter and Ibarz, Julian and Herzog, Alexander and Jang, Eric and Quillen, Deirdre and Holly, Ethan and Kalakrishnan, Mrinal and Vanhoucke, Vincent and others},
  booktitle=corl,
  year={2018}
}

@inproceedings{james2019sim,
  title={Sim-to-real via sim-to-sim: Data-efficient robotic grasping via randomized-to-canonical adaptation networks},
  author={James, Stephen and Wohlhart, Paul and Kalakrishnan, Mrinal and Kalashnikov, Dmitry and Irpan, Alex and Ibarz, Julian and Levine, Sergey and Hadsell, Raia and Bousmalis, Konstantinos},
  booktitle=cvpr,
  pages={12627--12637},
  year={2019}
}

@article{mahler2019learning,
  title={Learning ambidextrous robot grasping policies},
  author={Mahler, Jeffrey and Matl, Matthew and Satish, Vishal and Danielczuk, Michael and DeRose, Bill and McKinley, Stephen and Goldberg, Ken},
  journal={Science Robotics},
  volume={4},
  number={26},
  pages={eaau4984},
  year={2019},
  publisher={Science Robotics}
}

@inproceedings{mech-search,
    title={Mechanical Search: Multi-Step Retrieval of a Target Object Occluded by Clutter},
    author={Danielczuk*, Michael and Kurenkov*, Andrey and Balakrishna, Ashwin and Matl, Matthew and Wang, David and MartÃ­n-MartÃ­n, Roberto and Garg, Animesh and Savarese, Silvio and Goldberg, Ken},
    booktitle={International Conference on Robotics and Automation (ICRA)},
    year={2019},
    organization={IEEE}
}


@inproceedings{weisz2012pose,
  title={Pose error robust grasping from contact wrench space metrics},
  author={Weisz, Jonathan and Allen, Peter K},
  booktitle=icra,
  pages={557--562},
  year={2012},
  organization={IEEE}
}

@article{bohg2013data,
  title={Data-driven grasp synthesis---a survey},
  author={Bohg, Jeannette and Morales, Antonio and Asfour, Tamim and Kragic, Danica},
  journal={IEEE Transactions on Robotics},
  volume={30},
  number={2},
  pages={289--309},
  year={2013},
  publisher={IEEE}
}

@article{levine2018learning,
  title={Learning hand-eye coordination for robotic grasping with deep learning and large-scale data collection},
  author={Levine, Sergey and Pastor, Peter and Krizhevsky, Alex and Ibarz, Julian and Quillen, Deirdre},
  journal=ijrr,
  volume={37},
  number={4-5},
  pages={421--436},
  year={2018},
  publisher={SAGE Publications Sage UK: London, England}
}

@inproceedings{bousmalis2018using,
  title={Using simulation and domain adaptation to improve efficiency of deep robotic grasping},
  author={Bousmalis, Konstantinos and Irpan, Alex and Wohlhart, Paul and Bai, Yunfei and Kelcey, Matthew and Kalakrishnan, Mrinal and Downs, Laura and Ibarz, Julian and Pastor, Peter and Konolige, Kurt and others},
  booktitle=icra,
  pages={4243--4250},
  year={2018},
  organization={IEEE}
}

@article{viereck2017learning,
  title={Learning a visuomotor controller for real world robotic grasping using simulated depth images},
  author={Viereck, Ulrich and Pas, Andreas ten and Saenko, Kate and Platt, Robert},
  journal={arXiv preprint arXiv:1706.04652},
  year={2017}
}

@inproceedings{morrison2018closing,
	title={{Closing the Loop for Robotic Grasping: A Real-time, Generative Grasp Synthesis Approach}},
	author={Morrison, Douglas and Corke, Peter and Leitner, J\"urgen},
	booktitle={Proc.\ of Robotics: Science and Systems (RSS)},
	year={2018}
}

@article{lenz2015deep,
  title={Deep learning for detecting robotic grasps},
  author={Lenz, Ian and Lee, Honglak and Saxena, Ashutosh},
  journal=ijrr,
  volume={34},
  number={4-5},
  pages={705--724},
  year={2015},
  publisher={SAGE Publications Sage UK: London, England}
}

% @article{saxena2008robotic,
%   title={Robotic grasping of novel objects using vision},
%   author={Saxena, Ashutosh and Driemeyer, Justin and Ng, Andrew Y},
%   journal=ijrr,
%   volume={27},
%   number={2},
%   pages={157--173},
%   year={2008},
%   publisher={Sage Publications Sage UK: London, England}
% }

@inproceedings{kappler2015leveraging,
  title={Leveraging big data for grasp planning},
  author={Kappler, Daniel and Bohg, Jeannette and Schaal, Stefan},
  booktitle=icra,
  pages={4304--4311},
  year={2015},
  organization={IEEE}
}

@inproceedings{bicchi2000robotic,
  title={Robotic grasping and contact: A review},
  author={Bicchi, Antonio and Kumar, Vijay},
  booktitle=icra,
  volume={1},
  pages={348--353},
  year={2000},
  organization={IEEE}
}

@book{rimon2019mechanics,
  title={The Mechanics of Robot Grasping},
  author={Rimon, Elon and Burdick, Joel},
  year={2019},
  publisher={Cambridge University Press}
}

@article{harada2014validating,
  title={Validating an object placement planner for robotic pick-and-place tasks},
  author={Harada, Kensuke and Tsuji, Tokuo and Nagata, Kazuyuki and Yamanobe, Natsuki and Onda, Hiromu},
  journal={Robotics and Autonomous Systems},
  volume={62},
  number={10},
  pages={1463--1477},
  year={2014},
  publisher={Elsevier}
}

@inproceedings{corona2018pose,
  title={Pose estimation for objects with rotational symmetry},
  author={Corona, Enric and Kundu, Kaustav and Fidler, Sanja},
  booktitle={2018 IEEE/RSJ International Conference on Intelligent Robots and Systems (IROS)},
  pages={7215--7222},
  year={2018},
  organization={IEEE}
}

@inproceedings{da2013part,
  title={Part Alignment Identification and Adaptive Pick-and-Place Operation for Flat Surfaces},
  author={da Costa, Paulo Moreira and Costa, Paulo and Costa, Pedro and Lima, Jos{\'e} and Veiga, Germano},
  booktitle={International Workshop on Robotics in Smart Manufacturing},
  pages={203--212},
  year={2013},
  organization={Springer}
}

@article{park2019latentfusion,
  title={{LatentFusion}: End-to-End Differentiable Reconstruction and Rendering for Unseen Object Pose Estimation},
  author={Park, Keunhong and Mousavian, Arsalan and Xiang, Yu and Fox, Dieter},
  journal={arXiv preprint arXiv:1912.00416},
  year={2019}
}

@article{li2019category,
  title={Category-Level Articulated Object Pose Estimation},
  author={Li, Xiaolong and Wang, He and Yi, Li and Guibas, Leonidas and Abbott, A Lynn and Song, Shuran},
  journal={arXiv preprint arXiv:1912.11913},
  year={2019}
}

@article{shoemake,
    author = {Shoemake, Ken},
    title = {Animating Rotation with Quaternion Curves},
    year = {1985},
    publisher = {Association for Computing Machinery},
    address = {New York, NY, USA},
    volume = {19},
    number = {3},
    journal = {SIGGRAPH Comput. Graph.},
    pages = {245â€“254},
}
  

@inproceedings{he2016deep,
  title={Deep residual learning for image recognition},
  author={He, Kaiming and Zhang, Xiangyu and Ren, Shaoqing and Sun, Jian},
  booktitle={Proceedings of the IEEE conference on computer vision and pattern recognition},
  pages={770--778},
  year={2016}
}

@article{gidaris2018unsupervised,
  title={Unsupervised representation learning by predicting image rotations},
  author={Gidaris, Spyros and Singh, Praveer and Komodakis, Nikos},
  journal={arXiv preprint arXiv:1803.07728},
  year={2018}
}

@article{goldberg1993orienting,
  title={Orienting polygonal parts without sensors},
  author={Goldberg, Kenneth Y},
  journal={Algorithmica},
  volume={10},
  number={2-4},
  pages={201--225},
  year={1993},
  publisher={Springer}
}

@inproceedings{akella-orienting-uncertainty,
  title={Parts Orienting with Shape Uncertainty},
  author={Srinivas Akella and Matthew T. Mason},
  booktitle={International Conference on Robotics and Automation (ICRA)},
  year={1998},
}

@inproceedings{grasp-gaits,
  title={Reorienting Objects with a Robot Hand Using Grasp Gaits},
  author={Susanna Leveroni and Kenneth Salisbury},
  booktitle=isrr,
  year={1996},
}

@article{fang2020learning,
  title={Learning task-oriented grasping for tool manipulation from simulated self-supervision},
  author={Fang, Kuan and Zhu, Yuke and Garg, Animesh and Kurenkov, Andrey and Mehta, Viraj and Fei-Fei, Li and Savarese, Silvio},
  journal={The International Journal of Robotics Research},
  volume={39},
  number={2-3},
  pages={202--216},
  year={2020},
  publisher={SAGE Publications Sage UK: London, England}
}

@inproceedings{prokudin2018deep,
  title={Deep directional statistics: Pose estimation with uncertainty quantification},
  author={Prokudin, Sergey and Gehler, Peter and Nowozin, Sebastian},
  booktitle={Proceedings of the European Conference on Computer Vision (ECCV)},
  pages={534--551},
  year={2018}
}

@article{resnet,
  title={Deep Residual Learning for Image Recognition},
  author={Kaiming He and Xiangyu Zhang and Shaoqing Ren and Jian Sun},
  journal={2016 IEEE Conference on Computer Vision and Pattern Recognition (CVPR)},
  year={2016},
  pages={770-778}
}

@article{kingma2013auto,
  title={Auto-encoding variational bayes},
  author={Kingma, Diederik P and Welling, Max},
  journal={arXiv preprint arXiv:1312.6114},
  year={2013}
}

@misc{so3,
author = {Steven M LaValle},
title = {Generating a random element of {SO(3)}},
howpublished = {\url{http://planning.cs.uiuc.edu/node198.html}},
month = {},
year = {2012},
note = {(Accessed on 12/15/2019)}
}

@article{xiang2017posecnn,
  title={{PoseCNN}: A convolutional neural network for {6D} object pose estimation in cluttered scenes},
  author={Xiang, Yu and Schmidt, Tanner and Narayanan, Venkatraman and Fox, Dieter},
  journal={arXiv preprint arXiv:1711.00199},
  year={2017}
}

@inproceedings{danielczuk2019segmenting,
  title={Segmenting unknown {3D} objects from real depth images using mask {R-CNN} trained on synthetic data},
  author={Danielczuk, Michael and Matl, Matthew and Gupta, Saurabh and Li, Andrew and Lee, Andrew and Mahler, Jeffrey and Goldberg, Ken},
  booktitle={2019 International Conference on Robotics and Automation (ICRA)},
  pages={7283--7290},
  year={2019},
  organization={IEEE}
}

@article{Li2019DeepIMDI,
  title={{DeepIM}: Deep Iterative Matching for {6D} Pose Estimation},
  author={Yi Li and Gu Wang and Xiangyang Ji and Yu Xiang and Dieter Fox},
  journal={International Journal of Computer Vision},
  year={2019},
  volume={128},
  pages={657 - 678}
}

@article{Do2018Deep6DPoseR6,
  title={{Deep-6DPose}: Recovering {6D} Object Pose from a Single {RGB} Image},
  author={Thanh-Toan Do and Ming Cai and Trung Pham and Ian D. Reid},
  journal={ArXiv},
  year={2018},
  volume={abs/1802.10367}
}

@article{Xiao2019PoseFS,
  title={Pose from Shape: Deep Pose Estimation for Arbitrary {3D} Objects},
  author={Yang Xiao and Xuchong Qiu and Pierre-Alain Langlois and Mathieu Aubry and Renaud Marlet},
  journal={ArXiv},
  year={2019},
  volume={abs/1906.05105}
}
@INPROCEEDINGS{ChoyDeepGlobal,  author={C. {Choy} and W. {Dong} and V. {Koltun}},  booktitle={2020 IEEE/CVF Conference on Computer Vision and Pattern Recognition (CVPR)},   title={Deep Global Registration},   year={2020},  volume={},  number={},  pages={2511-2520},  doi={10.1109/CVPR42600.2020.00259}}
@article{KIT2012,
    author = {Alexander Kasper and Zhixing Xue and RÃ¼diger Dillmann},
    title ={The KIT object models database: An object model database for object recognition, localization and manipulation in service robotics},
    journal = {The International Journal of Robotics Research},
    volume = {31},
    number = {8},
    pages = {927-934},
    year = {2012},
    doi = {10.1177/0278364912445831},
}

@article{Tobin2017DR,
  author    = {Joshua Tobin and
               Rachel Fong and
               Alex Ray and
               Jonas Schneider and
               Wojciech Zaremba and
               Pieter Abbeel},
  title     = {Domain Randomization for Transferring Deep Neural Networks from Simulation
               to the Real World},
  journal   = {CoRR},
  volume    = {abs/1703.06907},
  year      = {2017},
  url       = {http://arxiv.org/abs/1703.06907},
  archivePrefix = {arXiv},
  eprint    = {1703.06907},
  timestamp = {Fri, 08 Nov 2019 12:51:01 +0100},
  biburl    = {https://dblp.org/rec/journals/corr/TobinFRSZA17.bib},
  bibsource = {dblp computer science bibliography, https://dblp.org}
}

@inproceedings{hagelskjaer2019using,
  title={Using spatial constraints for fast set-up of precise pose estimation in an industrial setting},
  author={Hagelskj{\ae}r, Frederik and Savarimuthu, Thiusius Rajeeth and Kr{\"u}ger, Norbert and Buch, Anders Glent},
  booktitle={2019 IEEE 15th International Conference on Automation Science and Engineering (CASE)},
  pages={1308--1314},
  year={2019},
  organization={IEEE}
}

@misc{trimesh,
  title={trimesh},
  author={Michael Dawson-Haggerty},
  year={2012},
  publisher={Github},
  journal={GitHub repository},
  howpublished={\url{https://github.com/mikedh/trimesh}},
}

@inproceedings{kumbla2018enabling,
  title={Enabling Fixtureless Assemblies in Human-Robot Collaborative Workcells by Reducing Uncertainty in the Part Pose Estimate},
  author={Kumbla, Nithyananda B and Marvel, Jeremy A and Gupta, Satyandra K},
  booktitle={2018 IEEE 14th International Conference on Automation Science and Engineering (CASE)},
  pages={1336--1342},
  year={2018},
  organization={IEEE}
}

@article{hodan2018bop,
  title={{BOP}: Benchmark for {6D} Object Pose Estimation},
  author={Hoda{\v{n}}, Tom{\'a}{\v{s}} and Michel, Frank and Brachmann, Eric and Kehl, Wadim and Glent Buch, Anders and Kraft, Dirk and Drost, Bertram and Vidal, Joel and Ihrke, Stephan and Zabulis, Xenophon and Sahin, Caner and Manhardt, Fabian and Tombari, Federico and Kim, Tae-Kyun and Matas, Ji{\v{r}}{\'i} and Rother, Carsten},
  journal={European Conference on Computer Vision (ECCV)},
  year={2018}
}

@ARTICLE{Morrison2020EGAD,  
author={D. {Morrison} and P. {Corke} and J. {Leitner}},  journal={IEEE Robotics and Automation Letters},   title={{EGAD!} An Evolved Grasping Analysis Dataset for Diversity and Reproducibility in Robotic Manipulation},   year={2020},  volume={5},  number={3},  pages={4368-4375},}

@inproceedings{deng2019self,
author    = {Xinke Deng and Yu Xiang and Arsalan Mousavian and Clemens Eppner and Timothy Bretl and Dieter Fox},
title     = {Self-supervised {6D} Object Pose Estimation for Robot Manipulation},
booktitle = {International Conference on Robotics and Automation (ICRA)},
year      = {2020}
}

@article{Stevic2020LearningTA,
  title={Learning to Assemble: Estimating {6D} Poses for Robotic Object-Object Manipulation},
  author={Stefan Stevic and Sammy Christen and Otmar Hilliges},
  journal={IEEE Robotics and Automation Letters},
  year={2020},
  volume={5},
  pages={1159-1166}
}

@article{wang20196-pack,
  title={{6-PACK}: Category-level {6D} Pose Tracker with Anchor-Based Keypoints},
  author={Wang, Chen and Martin-Martin, Roberto and Xu, Danfei and Lv, Jun and Lu, Cewu and Fei-Fei, Li and Savarese, Silvio and Zhu, Yuke},
  booktitle={International Conference on Robotics and Automation (ICRA)},
  year={2020}
}

@article{peretroukhin2020smooth,
  title={A Smooth Representation of Belief over SO (3) for Deep Rotation Learning with Uncertainty},
  author={Peretroukhin, Valentin and Giamou, Matthew and Rosen, David M and Greene, W Nicholas and Roy, Nicholas and Kelly, Jonathan},
  journal={arXiv preprint arXiv:2006.01031},
  year={2020}
}

@article{tian2020robust,
  title={Robust {6D} Object Pose Estimation by Learning {RGB-D} Features},
  author={Tian, Meng and Pan, Liang and Ang Jr, Marcelo H and Lee, Gim Hee},
  journal={arXiv preprint arXiv:2003.00188},
  year={2020}
}

@inproceedings{danielczuk2020exploratory,
  title={Exploratory Grasping: Asymptotically Optimal Algorithms for Grasping Challenging Polyhedral Objects},
  author={Danielczuk, Michael and Balakrishna, Ashwin and Brown, Daniel S and Devgon, Shivin and Goldberg, Ken},
  booktitle={Conference on Robot Learning (CoRL)},
  year={2020}
}

@inproceedings{tournassoud1987regrasping,
  title={Regrasping},
  author={Tournassoud, Pierre and Lozano-P{\'e}rez, Tom{\'a}s and Mazer, Emmanuel},
  booktitle={Proceedings. 1987 IEEE international conference on robotics and automation},
  volume={4},
  pages={1924--1928},
  year={1987},
  organization={IEEE}
}

@inproceedings{dafle2014extrinsic,
  title={Extrinsic dexterity: In-hand manipulation with external forces},
  author={Dafle, Nikhil Chavan and Rodriguez, Alberto and Paolini, Robert and Tang, Bowei and Srinivasa, Siddhartha S and Erdmann, Michael and Mason, Matthew T and Lundberg, Ivan and Staab, Harald and Fuhlbrigge, Thomas},
  booktitle={2014 IEEE International Conference on Robotics and Automation (ICRA)},
  pages={1578--1585},
  year={2014},
  organization={IEEE}
}

@article{danielczuk2020x,
  title={X-ray: Mechanical search for an occluded object by minimizing support of learned occupancy distributions},
  author={Danielczuk, Michael and Angelova, Anelia and Vanhoucke, Vincent and Goldberg, Ken},
  journal={arXiv preprint arXiv:2004.09039},
  year={2020}
}

@inproceedings{murali20206,
  title={6-dof grasping for target-driven object manipulation in clutter},
  author={Murali, Adithyavairavan and Mousavian, Arsalan and Eppner, Clemens and Paxton, Chris and Fox, Dieter},
  booktitle={2020 IEEE International Conference on Robotics and Automation (ICRA)},
  pages={6232--6238},
  year={2020},
  organization={IEEE}
}
